@article{costan2017secure1,
  title={Secure processors part I: background, taxonomy for secure enclaves and Intel SGX architecture},
  author={Costan, Victor and Lebedev, Ilia and Devadas, Srinivas and others},
  journal={Foundations and Trends{\textregistered} in Electronic Design Automation},
  volume={11},
  number={1-2},
  pages={1--248},
  year={2017},
  publisher={Now Publishers, Inc.}
}

@article{costan2017secure2,
  title={Secure processors part ii: Intel sgx security analysis and mit sanctum architecture},
  author={Costan, Victor and Lebedev, Ilia and Devadas, Srinivas and others},
  journal={Foundations and Trends{\textregistered} in Electronic Design Automation},
  volume={11},
  number={3},
  pages={249--361},
  year={2017},
  publisher={Now Publishers, Inc.}
}
